@website{stark_wikipedia,
    author    = {Wikipedia},
    title     = {Stark effect},
    url       = {https://en.wikipedia.org/wiki/Stark_effect},
    note      = {Accessed: 2025-09-22}
}

@thesis{sacha2025thesis,
  title={Implementation of polarization-resolved Motional-Stark spectroscopy on TCV},
  author={Sacha Müller},
  year={2025},
  school={École Polytechnique Fédérale de Lausanne (EPFL)},
}

@misc{anhtai2024revisithydrogenatominduced,
      title={A revisit on the hydrogen atom induced by a uniform static electric field}, 
      author={Tran Duong Anh-Tai and Le Minh Khang and Nguyen Duy Vy and Thu D. H. Truong and Vinh N. T. Pham},
      year={2024},
      eprint={2304.09480},
      archivePrefix={arXiv},
      primaryClass={quant-ph},
      url={https://arxiv.org/abs/2304.09480}, 
}